%% GroundFlow
@article{han2023groundflow,
  title={GroundFlow: Liquid-based Haptics for Simulating Fluid on the Ground in Virtual Reality},
  author={Han, Ping-Hsuan and Wang, Tzu-Hua and Chou, Chien-Hsing},
  journal={IEEE Transactions on Visualization and Computer Graphics},
  volume={29},
  number={5},
  pages={2670--2679},
  year={2023},
  publisher={IEEE}
}
{"mode":"full","isActive":false}

%% Lotus
@incollection{chen2018lotus,
  title={Lotus: enhancing the immersive experience in virtual environment with mist-based olfactory display},
  author={Chen, Yang-Sheng and Han, Ping-Hsuan and Lee, Kong-Chang and Hsieh, Chiao-En and Hsiao, Jui-Chun and Hsu, Che-Ju and Chen, Kuan-Wen and Chou, Chien-Hsing and Hung, Yi-Ping},
  booktitle={SIGGRAPH Asia 2018 Virtual \& Augmented Reality},
  pages={1--2},
  year={2018}
}
{"mode":"full","isActive":false}

%% AoEs
@incollection{han2017aoes,
  title={AoEs: Enhancing teleportation experience in immersive environment with mid-air haptics},
  author={Han, Ping-Hsuan and Hsieh, Chiao-En and Chen, Yang-Sheng and Hsiao, Jui-Chun and Lee, Kong-Chang and Ko, Sheng-Fu and Chen, Kuan-Wen and Chou, Chien-Hsing and Hung, Yi-Ping},
  booktitle={ACM SIGGRAPH 2017 Emerging Technologies},
  pages={1--2},
  year={2017}
}
{"mode":"full","isActive":false}

%% AquaTop Display
@incollection{matoba2013aquatop,
  title={AquaTop display: a true" immersive" water display system},
  author={Matoba, Yasushi and Takahashi, Yoichi and Tokui, Taro and Phuong, Shin and Yamano, Shingo and Koike, Hideki},
  booktitle={ACM SIGGRAPH 2013 Emerging Technologies},
  pages={1--1},
  year={2013}
}
{"mode":"full","isActive":false}

%% GravityPack
@incollection{chen2022gravitypack,
  title={GravityPack: Exploring a Wearable Gravity Display for Immersive Interaction Using Liquid-based System},
  author={Chen, Yu-Yen and Lu, Yi-Jie and Han, Ping-Hsuan},
  booktitle={ACM SIGGRAPH 2022 Posters},
  pages={1--2},
  year={2022}
}
{"mode":"full","isActive":false}

%% Waving Blanket
@incollection{han2022waving,
  title={Waving Blanket: Dynamic Liquid Distribution for Multiple Tactile Feedback using Rewirable Piping System},
  author={Han, Ping-Hsuan and Chen, Yu-Yen and Pan, Wu-Ting and Hsu, Hui-Wen and Jiang, Jin-Rong and Wu, Wen-Jun},
  booktitle={ACM SIGGRAPH 2022 Emerging Technologies},
  pages={1--2},
  year={2022}
}
{"mode":"full","isActive":false}

%% LiquidMask
@incollection{liao2019liquidmask,
  title={LiquidMask: utilizing liquid-based haptic for multiple tactile sensation in immersive virtual reality},
  author={Liao, Yi-Ya and Hong, Ya-Fang and Han, Ping-Hsuan and Ko, Ju-Chun},
  booktitle={ACM SIGGRAPH 2019 Virtual, Augmented, and Mixed Reality},
  pages={1--1},
  year={2019}
}
{"mode":"full","isActive":false}

%% GravityCup
@inproceedings{cheng2018gravitycup,
  title={GravityCup: a liquid-based haptics for simulating dynamic weight in virtual reality},
  author={Cheng, Chih-Hao and Chang, Chia-Chi and Chen, Ying-Hsuan and Lin, Ying-Li and Huang, Jing-Yuan and Han, Ping-Hsuan and Ko, Ju-Chun and Lee, Lai-Chung},
  booktitle={Proceedings of the 24th ACM Symposium on Virtual Reality Software and Technology},
  pages={1--2},
  year={2018}
}
{"mode":"full","isActive":false}

%% INVISIBLE
@incollection{nakano2006invisible,
  title={INVISIBLE: the shadow chaser},
  author={Nakano, Yoshinobu and Ouwa, Haruka and Kawashima, Kenji and Komura, Hitomi and Sagano, Masayuki and Shirazawa, Taku and Tsujimura, Soshi and Fukushima, Masako and Yamazaki, Masayuki and Yoshimura, Yasuhiro and others},
  booktitle={ACM SIGGRAPH 2006 Emerging technologies},
  pages={19--es},
  year={2006}
}
{"mode":"full","isActive":false}